@ARTICLE{Dorigo06antcolony,
    author = {Marco Dorigo and Mauro Birattari and Thomas St√ºtzle},
    title = {Ant Colony Optimization -- Artificial Ants as a Computational Intelligence Technique},
    journal = {IEEE COMPUT. INTELL. MAG},
    year = {2006},
    volume = {1},
    pages = {28--39}
}

@ARTICLE{PSO08tsp,
    author = {Elizabeth F. G. Goldbarg, Marco C. Goldbarg and Givanaldo R. de Souza},
    title = {Particle Swarm Optimization
Algorithm for the Traveling Salesman Problem},
    journal = {InTech},
    year = {2008}
}
